@article{
   Author = {Blake, M. Brian},
   Title = {Rule-driven coordination agents: a self-configurable agent architecture for distributed  control},
 Year = {} }



@inproceedings{
B03,
   Author = {Bryson, Joanna},
   Title = {Where should the complexity go? Cooperation in complex agents with minimal communication},
   BookTitle = {Lecture Notes in Computer Science},
   Volume = {2564},
   Pages = {303-319},
 Year = {2003} }



@inproceedings{
   Author = {Cabri, Giacomo and Leonardi, Ltizia and Zambonelli, Franco},
   Title = {BRAIN: a framework for flexible role-based interactions in multiagent systems},
   BookTitle = {2003 Conference on Cooperative Information Systems (CoopIS)},
   Address= {Catania, Italy},
 Year = {2003} }



@inproceedings{
   Author = {Cabri, Giacomo and Ferrari, Luca and Leonardi, Letizia},
   Title = {Role agent pattern: a developer guideline},
   BookTitle = {IEEE Systems, Man and Cybernetics Conference},
   Address= {Washington DC, USA},
 Year = {2003} }



@techreport{
   Author = {Carminati, F and Cerello, P and Grandi, C and Herwijnen, E Van and Smirnova, O and Templon, J},
   Title = {Common use cases for a HEP common application layer},
   Number = {LHC-SC2-20-2002},
 Year = {2002} }



@inproceedings{
C03,
   Author = {Corkill, Daniel D.},
   Title = {Collaborating Software: Blackboard and Multi-Agent Systems and the Future},
   BookTitle = {Proceedings of the International Lisp Conference},
   Address= {New York, New York},
 Year = {2003} }



@inproceedings{
FG96,
   Author = {Franklin, Stan and Graesser, Art},
   Title = {Is it an agent, or just a program? A taxonomy for autonomous agents},
   BookTitle = {Third International Workshop on Agent Theories, Architectures and Languages},
   Publisher = {Springer-Verlag},
 Year = {1996} }



@techreport{
   Author = {Guy, Leanne and Kunszt, Peter and Laure, Erwin and Stockinger, Heinz and Stockinger, Kurt},
   Title = {Replica management in data grids},
   Institution = {CERN},
   Month= {July 1},
 Year = {2002} }



@article{
   Author = {Huhns, Michael N.},
   Title = {Agent teams: building and implementing software},
   Journal = {IEEE Internet computing},
   Volume = {4},
   Number = {1},
   Pages = {93-95},
 Year = {2000} }



@book{
   Author = {IBM},
   Title = {The autonomic computing toolkit: user's guide},
   Publisher = {IBM},
 Year = {2004} }



@article{
   Author = {Kotz, David and Gray, Robert S.},
   Title = {Mobile agents and the future of the internet},
   Journal = {ACM Operating Systems Review},
   Volume = {33},
   Number = {3},
   Pages = {7-13},
 Year = {1999} }



@inproceedings{
   Author = {Lakhdissi, Mouhsine and Harroud, Hamid and Karmouch, Ahmed and Grossner, Cliff},
   Title = {A policy management system for mobile agent-based services},
   BookTitle = {Lecture Notes in Computer Science},
   Address= {Montreal, Canada},
   Publisher = {Springer-Verlag},
   Volume = {2164},
 Year = {2001} }



@inproceedings{
   Author = {Lefebure, Veronique and Andreeva, Julia},
   Title = {RefDB: The reference database for CMS monte carlo production},
   BookTitle = {Computing in High Energy Physics (CHEP03)},
   Address= {La Jolla, California},
 Year = {2003} }



@inproceedings{
   Author = {Moreau, Luc},
   Title = {Agents for the grid: a comparison with web services (part 1: transport layer)},
   BookTitle = {Second IEEE/ACM International Symposium on Cluster Computing and the Grid (CCGRID 2002)},
   Publisher = {IEEE Computer Society},
   Pages = {220-228},
   Note  = {Deals with higher level issues- an agent communication language. Discusses how to map this generic acl onto xml. Discusses methods of describing ontologies...},
 Year = {2002} }



@techreport{
   Author = {Moy, J},
   Title = {OSPF Version 2},
   Number = {2328},
   Type = {Request For Comments},
   Month= {April},
 Year = {1998} }



@inproceedings{
   Author = {Newman, H B and Legrand, I C and Galvez, P and Voicu, R and Cirstoiu, C},
   Title = {MonaLISA: a distributed monitoring architecture},
   BookTitle = {Computing in High Energy Physics (CHEP03)},
   Address= {La Jolla, California},
 Year = {2003} }



@inproceedings{
Setal03,
   Author = {Shafi, M Aamir and Riaz, Maria and Kiani, Saad and Shehzad, Anjum and Farooq, Umer and Ali, Arshad and Legrand, Iosif C and Newman, Harvey B},
   Title = {DIAMOnDS- Distributed agents for mobile and dynamic services},
   BookTitle = {Computing in High Energy Physics 2003 (CHEP03)},
   Address= {La Jolla, CA, USA},
 Year = {2003} }



@inproceedings{
POOL,
   Author = {Duellman, D, on behalf of the POOL project},
   Title = {The LCG POOL Project- general overview and project structure},
   BookTitle = {Computing in High Energy Physics 2003 (CHEP03)},
   Address = {La Jolla, CA, USA},
 Year = {2003} }



@unpublished{
globus,
   Author = {The Globus Project},
   Title = {http://www.globus.org}
}



@unpublished {
gdmp,
   Author = {The EDG GDMP Project},
   Title = {http://project-gdmp.web.cern.ch/project-gdmp/documentation.html}
}



@unpublished {
rls,
   Author = {The EDG RLS Project},
   Title = {http://edg-wp2.web.cern.ch/edg-wp2/}
}



@unpublished {
rmapi,
   Author = {The EDG Replica Manager API},
   Title = {http://edg-wp2.web.cern.ch/edg-wp2/replication/index.html}
}



@article{
srb,
   Author = {Rajasekar, A and Wan, M and Moore, R and Schroeder, W
             and Kremenek, G andJagatheesan, A and Cowart,C and Zhu, B
             and Chen, S-Y and Olschanowsky, R},
   Title = {Storage Resource Broker- managing distributed data in a grid},
   Journal = {Computer Society of India Journal, Special Issue on SAN},
   Volume = {33},
   Number = {4},
   Pages = {42-54},
 Year = {2003} }



@unpublished {
lcg,
   Author = {The LHC Computing Grid},
   Title = {http://lcg.web.cern.ch/LCG/}
}



@unpublished {
gsiftp,
   Author = {Globus GSIFTP},
   Title = {http://www.globus.org/datagrid/gridftp.html}
}




@inproceedings{
dcache,
   Author = {Ernst, M and Fuhrmann, P and Mkrtchyan, T},
   Title = {dCache},
   BookTitle = {Computing in High Energy Physics (CHEP03)},
   Address = {La Jolla, CA, USA}
 Year = {2003} }



@inproceedings{
srm,
   Author = {Petravick, D and Perelmutov, T},
   Title = {Utilization of Storage Resource Managers by Compact Muon
Solenoid Large Hadron Collider Experiment},
   BookTitle = {Proceedings of the Twelfth NASA Goddard, Twenty-first IEEE Conference on Mass Storage Systems and Technologies (MSST)},
   Address = {College Park, MD, USA}
 Year = {2004} }
